% bibtex

@INPROCEEDINGS{Aarseth_1985,
   author = {{Aarseth}, S.~J.},
    title = "{Direct methods for N-body simulations.}",
 keywords = {N-Body Problem:Numerical Methods, Numerical Methods:N-Body Problem, Numerical Methods:Stellar Dynamics, Open Clusters:Numerical Simulations, Stellar Dynamics:Close Encounters, Stellar Dynamics:Numerical Methods},
booktitle = {Multiple time scales, p. 377 - 418},
     year = 1985,
   editor = {{Brackbill}, J.~U. and {Cohen}, B.~I.},
    pages = {377-418},
   adsurl = {http://adsabs.harvard.edu/abs/1985mts..conf..377A},
  adsnote = {Provided by the SAO/NASA Astrophysics Data System}
}

@ARTICLE{Agnor_etal_1999,
   author = {{Agnor}, C.~B. and {Canup}, R.~M. and {Levison}, H.~F.},
    title = "{On the Character and Consequences of Large Impacts in the Late Stage of Terrestrial Planet Formation}",
  journal = {\icarus},
     year = 1999,
    month = nov,
   volume = 142,
    pages = {219-237},
      doi = {10.1006/icar.1999.6201},
   adsurl = {http://ads.nao.ac.jp/abs/1999Icar..142..219A},
  adsnote = {Provided by the SAO/NASA Astrophysics Data System}
}

@ARTICLE{Benz_Asphaug_1999,
   author = {{Benz}, W. and {Asphaug}, E.},
    title = "{Catastrophic Disruptions Revisited}",
  journal = {\icarus},
   eprint = {astro-ph/9907117},
     year = 1999,
    month = nov,
   volume = 142,
    pages = {5-20},
      doi = {10.1006/icar.1999.6204},
   adsurl = {http://ads.nao.ac.jp/abs/1999Icar..142....5B},
  adsnote = {Provided by the SAO/NASA Astrophysics Data System}
}

@ARTICLE{Chambers_etal_1996,
   author = {{Chambers}, J.~E. and {Wetherill}, G.~W. and {Boss}, A.~P.},
    title = "{The Stability of Multi-Planet Systems}",
  journal = {\icarus},
     year = 1996,
    month = feb,
   volume = 119,
    pages = {261-268},
      doi = {10.1006/icar.1996.0019},
   adsurl = {http://ads.nao.ac.jp/abs/1996Icar..119..261C},
  adsnote = {Provided by the SAO/NASA Astrophysics Data System}
}

@ARTICLE{Chambers_Wetherill_1998,
   author = {{Chambers}, J.~E. and {Wetherill}, G.~W.},
    title = "{Making the Terrestrial Planets: N-Body Integrations of Planetary Embryos in Three Dimensions}",
  journal = {\icarus},
     year = 1998,
    month = dec,
   volume = 136,
    pages = {304-327},
      doi = {10.1006/icar.1998.6007},
   adsurl = {http://ads.nao.ac.jp/abs/1998Icar..136..304C},
  adsnote = {Provided by the SAO/NASA Astrophysics Data System}
}

@ARTICLE{Chambers_2001,
   author = {{Chambers}, J.~E.},
    title = "{Making More Terrestrial Planets}",
  journal = {\icarus},
     year = 2001,
    month = aug,
   volume = 152,
    pages = {205-224},
      doi = {10.1006/icar.2001.6639},
   adsurl = {http://ads.nao.ac.jp/abs/2001Icar..152..205C},
  adsnote = {Provided by the SAO/NASA Astrophysics Data System}
}

@ARTICLE{Chambers_2006,
   author = {{Chambers}, J.},
    title = "{A semi-analytic model for oligarchic growth}",
  journal = {\icarus},
     year = 2006,
    month = feb,
   volume = 180,
    pages = {496-513},
      doi = {10.1016/j.icarus.2005.10.017},
   adsurl = {http://ads.nao.ac.jp/abs/2006Icar..180..496C},
  adsnote = {Provided by the SAO/NASA Astrophysics Data System}
}

@ARTICLE{Chambers_2008,
   author = {{Chambers}, J.},
    title = "{Oligarchic growth with migration and fragmentation}",
  journal = {\icarus},
     year = 2008,
    month = nov,
   volume = 198,
    pages = {256-273},
      doi = {10.1016/j.icarus.2008.06.011},
   adsurl = {http://ads.nao.ac.jp/abs/2008Icar..198..256C},
  adsnote = {Provided by the SAO/NASA Astrophysics Data System}
}

@ARTICLE{Genda_etal_2012,
   author = {{Genda}, H. and {Kokubo}, E. and {Ida}, S.},
    title = "{Merging Criteria for Giant Impacts of Protoplanets}",
  journal = {\apj},
archivePrefix = "arXiv",
   eprint = {1109.4330},
 primaryClass = "astro-ph.EP",
 keywords = {accretion, accretion disks, hydrodynamics, planets and satellites: formation},
     year = 2012,
    month = jan,
   volume = 744,
      eid = {137},
    pages = {137},
      doi = {10.1088/0004-637X/744/2/137},
   adsurl = {http://ads.nao.ac.jp/abs/2012ApJ...744..137G},
  adsnote = {Provided by the SAO/NASA Astrophysics Data System}
}

@ARTICLE{Genda_etal_2015,
   author = {{Genda}, H. and {Fujita}, T. and {Kobayashi}, H. and {Tanaka}, H. and 
	{Abe}, Y.},
    title = "{Resolution dependence of disruptive collisions between planetesimals in the gravity regime}",
  journal = {\icarus},
archivePrefix = "arXiv",
   eprint = {1508.05473},
 primaryClass = "astro-ph.EP",
 keywords = {Impact processes, Collisional physics, Planetary formation, Accretion, Planetary dynamics},
     year = 2015,
    month = dec,
   volume = 262,
    pages = {58-66},
      doi = {10.1016/j.icarus.2015.08.029},
   adsurl = {http://ads.nao.ac.jp/abs/2015Icar..262...58G},
  adsnote = {Provided by the SAO/NASA Astrophysics Data System}
}

@INPROCEEDINGS{Hayashi_etal_1985,
   author = {{Hayashi}, C. and {Nakazawa}, K. and {Nakagawa}, Y.},
    title = "{Formation of the solar system}",
 keywords = {Galactic Evolution, Solar System, Asteroids, Cosmic Dust, Helium, Hydrogen, Natural Satellites, Protoplanets, Solar Corona, Stellar Evolution},
booktitle = {Protostars and Planets II},
     year = 1985,
   editor = {{Black}, D.~C. and {Matthews}, M.~S.},
    pages = {1100-1153},
   adsurl = {http://ads.nao.ac.jp/abs/1985prpl.conf.1100H},
  adsnote = {Provided by the SAO/NASA Astrophysics Data System}
}

@ARTICLE{Hayashi_1981,
   author = {{Hayashi}, C.},
    title = "{Structure of the Solar Nebula, Growth and Decay of Magnetic Fields and Effects of Magnetic and Turbulent Viscosities on the Nebula}",
  journal = {Progress of Theoretical Physics Supplement},
     year = 1981,
   volume = 70,
    pages = {35-53},
      doi = {10.1143/PTPS.70.35},
   adsurl = {http://ads.nao.ac.jp/abs/1981PThPS..70...35H},
  adsnote = {Provided by the SAO/NASA Astrophysics Data System}
}

@ARTICLE{Ida_1990,
   author = {{Ida}, S.},
    title = "{Stirring and dynamical friction rates of planetesimals in the solar gravitational field}",
  journal = {\icarus},
 keywords = {Dynamic Characteristics, Friction, Gravitational Fields, Protoplanets, Solar Gravitation, Circular Orbits, Eccentric Orbits, Kepler Laws, Random Processes, Three Body Problem},
     year = 1990,
    month = nov,
   volume = 88,
    pages = {129-145},
      doi = {10.1016/0019-1035(90)90182-9},
   adsurl = {http://ads.nao.ac.jp/abs/1990Icar...88..129I},
  adsnote = {Provided by the SAO/NASA Astrophysics Data System}
}

@ARTICLE{Ida_Makino_1992,
   author = {{Ida}, S. and {Makino}, J.},
    title = "{N-body simulation of gravitational interaction between planetesimals and a protoplanet. I - Velocity distribution of planetesimals}",
  journal = {\icarus},
 keywords = {Computerized Simulation, Gravitational Effects, Many Body Problem, Protoplanets, Normal Density Functions, Solar Gravitation, Three Dimensional Models},
     year = 1992,
    month = mar,
   volume = 96,
    pages = {107-120},
      doi = {10.1016/0019-1035(92)90008-U},
   adsurl = {http://ads.nao.ac.jp/abs/1992Icar...96..107I},
  adsnote = {Provided by the SAO/NASA Astrophysics Data System}
}


@ARTICLE{Ida_etal_2000,
   author = {{Ida}, S. and {Bryden}, G. and {Lin}, D.~N.~C. and {Tanaka}, H.
	},
    title = "{Orbital Migration of Neptune and Orbital Distribution of Trans-Neptunian Objects}",
  journal = {\apj},
 keywords = {CELESTIAL MECHANICS, STELLAR DYNAMICS, PLANETS AND SATELLITES: INDIVIDUAL: NEPTUNE, SOLAR SYSTEM: FORMATION},
     year = 2000,
    month = may,
   volume = 534,
    pages = {428-445},
      doi = {10.1086/308720},
   adsurl = {http://ads.nao.ac.jp/abs/2000ApJ...534..428I},
  adsnote = {Provided by the SAO/NASA Astrophysics Data System}
}

@ARTICLE{Jackson_Wyatt_2012,
   author = {{Jackson}, A.~P. and {Wyatt}, M.~C.},
    title = "{Debris from terrestrial planet formation: the Moon-forming collision}",
  journal = {\mnras},
archivePrefix = "arXiv",
   eprint = {1206.4190},
 primaryClass = "astro-ph.EP",
 keywords = {Earth, Moon, planets and satellites: formation, planetary systems },
     year = 2012,
    month = sep,
   volume = 425,
    pages = {657-679},
      doi = {10.1111/j.1365-2966.2012.21546.x},
   adsurl = {http://ads.nao.ac.jp/abs/2012MNRAS.425..657J},
  adsnote = {Provided by the SAO/NASA Astrophysics Data System}
}

@ARTICLE{Kirsh_etal_2009,
   author = {{Kirsh}, D.~R. and {Duncan}, M. and {Brasser}, R. and {Levison}, H.~F.
	},
    title = "{Simulations of planet migration driven by planetesimal scattering}",
  journal = {\icarus},
     year = 2009,
    month = jan,
   volume = 199,
    pages = {197-209},
      doi = {10.1016/j.icarus.2008.05.028},
   adsurl = {http://ads.nao.ac.jp/abs/2009Icar..199..197K},
  adsnote = {Provided by the SAO/NASA Astrophysics Data System}
}

@ARTICLE{Kokubo_Ida_1998,
   author = {{Kokubo}, E. and {Ida}, S.},
    title = "{Oligarchic Growth of Protoplanets}",
  journal = {\icarus},
     year = 1998,
    month = jan,
   volume = 131,
    pages = {171-178},
      doi = {10.1006/icar.1997.5840},
   adsurl = {http://ads.nao.ac.jp/abs/1998Icar..131..171K},
  adsnote = {Provided by the SAO/NASA Astrophysics Data System}
}

@ARTICLE{Kokubo_Ida_2000,
   author = {{Kokubo}, E. and {Ida}, S.},
    title = "{Formation of Protoplanets from Planetesimals in the Solar Nebula}",
  journal = {\icarus},
     year = 2000,
    month = jan,
   volume = 143,
    pages = {15-27},
      doi = {10.1006/icar.1999.6237},
   adsurl = {http://ads.nao.ac.jp/abs/2000Icar..143...15K},
  adsnote = {Provided by the SAO/NASA Astrophysics Data System}
}

@ARTICLE{Kokubo_Ida_2002,
   author = {{Kokubo}, E. and {Ida}, S.},
    title = "{Formation of Protoplanet Systems and Diversity of Planetary Systems}",
  journal = {\apj},
 keywords = {Stars: Planetary Systems, Stars: Planetary Systems: Formation, Solar System: Formation},
     year = 2002,
    month = dec,
   volume = 581,
    pages = {666-680},
      doi = {10.1086/344105},
   adsurl = {http://ads.nao.ac.jp/abs/2002ApJ...581..666K},
  adsnote = {Provided by the SAO/NASA Astrophysics Data System}
}

@ARTICLE{Kokubo_etal_2006,
   author = {{Kokubo}, E. and {Kominami}, J. and {Ida}, S.},
    title = "{Formation of Terrestrial Planets from Protoplanets. I. Statistics of Basic Dynamical Properties}",
  journal = {\apj},
 keywords = {Methods: n-Body Simulations, Planets and Satellites: Formation},
     year = 2006,
    month = may,
   volume = 642,
    pages = {1131-1139},
      doi = {10.1086/501448},
   adsurl = {http://ads.nao.ac.jp/abs/2006ApJ...642.1131K},
  adsnote = {Provided by the SAO/NASA Astrophysics Data System}
}

@ARTICLE{Kobayashi_Tanaka_2010,
   author = {{Kobayashi}, H. and {Tanaka}, H.},
    title = "{Fragmentation model dependence of collision cascades}",
  journal = {\icarus},
     year = 2010,
    month = apr,
   volume = 206,
    pages = {735-746},
      doi = {10.1016/j.icarus.2009.10.004},
   adsurl = {http://ads.nao.ac.jp/abs/2010Icar..206..735K},
  adsnote = {Provided by the SAO/NASA Astrophysics Data System}
}

@ARTICLE{Kobayashi_etal_2010,
   author = {{Kobayashi}, H. and {Tanaka}, H. and {Krivov}, A.~V. and {Inaba}, S.
	},
    title = "{Planetary growth with collisional fragmentation and gas drag}",
  journal = {\icarus},
archivePrefix = "arXiv",
   eprint = {1005.2536},
 primaryClass = "astro-ph.SR",
     year = 2010,
    month = oct,
   volume = 209,
    pages = {836-847},
      doi = {10.1016/j.icarus.2010.04.021},
   adsurl = {http://ads.nao.ac.jp/abs/2010Icar..209..836K},
  adsnote = {Provided by the SAO/NASA Astrophysics Data System}
}

@ARTICLE{Kominami_and_Ida_2002,
   author = {{Kominami}, J. and {Ida}, S.},
    title = "{The Effect of Tidal Interaction with a Gas Disk on Formation of Terrestrial Planets}",
  journal = {\icarus},
     year = 2002,
    month = may,
   volume = 157,
    pages = {43-56},
      doi = {10.1006/icar.2001.6811},
   adsurl = {http://ads.nao.ac.jp/abs/2002Icar..157...43K},
  adsnote = {Provided by the SAO/NASA Astrophysics Data System}
}

@ARTICLE{Morishima_etal_2010,
   author = {{Morishima}, R. and {Stadel}, J. and {Moore}, B.},
    title = "{From planetesimals to terrestrial planets: N-body simulations including the effects of nebular gas and giant planets}",
  journal = {\icarus},
archivePrefix = "arXiv",
   eprint = {1007.0579},
 primaryClass = "astro-ph.EP",
     year = 2010,
    month = jun,
   volume = 207,
    pages = {517-535},
      doi = {10.1016/j.icarus.2009.11.038},
   adsurl = {http://ads.nao.ac.jp/abs/2010Icar..207..517M},
  adsnote = {Provided by the SAO/NASA Astrophysics Data System}
}

@ARTICLE{Morishima_2015,
   author = {{Morishima}, R.},
    title = "{A particle-based hybrid code for planet formation}",
  journal = {\icarus},
archivePrefix = "arXiv",
   eprint = {1508.07377},
 primaryClass = "astro-ph.EP",
 keywords = {Accretion, Planetary formation, Planetary rings, Planets, migration, Origin, Solar System},
     year = 2015,
    month = nov,
   volume = 260,
    pages = {368-395},
      doi = {10.1016/j.icarus.2015.07.030},
   adsurl = {http://ads.nao.ac.jp/abs/2015Icar..260..368M},
  adsnote = {Provided by the SAO/NASA Astrophysics Data System}
}

@ARTICLE{Morishima_2018,
   author = {{Morishima}, R.},
    title = "{Architectures of planetary systems formed by pebble accretion}",
  journal = {ArXiv e-prints},
archivePrefix = "arXiv",
   eprint = {1804.05510},
 primaryClass = "astro-ph.EP",
 keywords = {Astrophysics - Earth and Planetary Astrophysics},
     year = 2018,
    month = apr,
   adsurl = {http://ads.nao.ac.jp/abs/2018arXiv180405510M},
  adsnote = {Provided by the SAO/NASA Astrophysics Data System}
}

@ARTICLE{Makino_Aarseth_1992,
   author = {{Makino}, J. and {Aarseth}, S.~J.},
    title = "{On a Hermite integrator with Ahmad-Cohen scheme for gravitational many-body problems}",
  journal = {\pasj},
 keywords = {Computational Astrophysics, Gravitational Effects, Many Body Problem, Numerical Integration, Accuracy, Computer Programs, Parallel Computers},
     year = 1992,
    month = apr,
   volume = 44,
    pages = {141-151},
   adsurl = {http://ads.nao.ac.jp/abs/1992PASJ...44..141M},
  adsnote = {Provided by the SAO/NASA Astrophysics Data System}
}

@ARTICLE{Makino_1991,
   author = {{Makino}, J.},
    title = "{Optimal order and time-step criterion for Aarseth-type N-body integrators}",
  journal = {\apj},
 keywords = {Fokker-Planck Equation, Hermitian Polynomial, Many Body Problem, Numerical Integration, Runge-Kutta Method, Chaos, Energy Conservation, Statistical Analysis},
     year = 1991,
    month = mar,
   volume = 369,
    pages = {200-212},
      doi = {10.1086/169751},
   adsurl = {http://ads.nao.ac.jp/abs/1991ApJ...369..200M},
  adsnote = {Provided by the SAO/NASA Astrophysics Data System}
}

@ARTICLE{Nakazawa_and_Ida_1988,
   author = {{Nakazawa}, K. and {Ida}, S.},
    title = "{Chapter 15. Hill's Approximation in the Three-Body Problem}",
  journal = {Progress of Theoretical Physics Supplement},
     year = 1988,
   volume = 96,
    pages = {167-174},
      doi = {10.1143/PTPS.96.167},
   adsurl = {http://ads.nao.ac.jp/abs/1988PThPS..96..167N},
  adsnote = {Provided by the SAO/NASA Astrophysics Data System}
}

@INPROCEEDINGS{Ohtsuki_etal_1993,
   author = {{Ohtsuki}, K. and {Ida}, S. and {Nakagawa}, Y. and {Nakazawa}, K.
	},
    title = "{Planetary accretion in the solar gravitational field}",
 keywords = {Accretion Disks, Gravitational Fields, Planetary Evolution, Protoplanets, Solar Gravitation, Solar System Evolution, Computational Astrophysics, Hill Method, Three Body Problem},
booktitle = {Protostars and Planets III},
     year = 1993,
   editor = {{Levy}, E.~H. and {Lunine}, J.~I.},
    pages = {1089-1107},
   adsurl = {http://ads.nao.ac.jp/abs/1993prpl.conf.1089O},
  adsnote = {Provided by the SAO/NASA Astrophysics Data System}
}

@ARTICLE{Ohtsuki_etal_2002,
   author = {{Ohtsuki}, K. and {Stewart}, G.~R. and {Ida}, S.},
    title = "{Evolution of Planetesimal Velocities Based on Three-Body Orbital Integrations and Growth of Protoplanets}",
  journal = {\icarus},
     year = 2002,
    month = feb,
   volume = 155,
    pages = {436-453},
      doi = {10.1006/icar.2001.6741},
   adsurl = {http://ads.nao.ac.jp/abs/2002Icar..155..436O},
  adsnote = {Provided by the SAO/NASA Astrophysics Data System}
}

@ARTICLE{Ohtsuki_1999,
   author = {{Ohtsuki}, K.},
    title = "{Evolution of Particle Velocity Dispersion in a Circumplanetary Disk Due to Inelastic Collisions and Gravitational Interactions}",
  journal = {\icarus},
 keywords = {, planetary rings},
     year = 1999,
    month = jan,
   volume = 137,
    pages = {152-177},
      doi = {10.1006/icar.1998.6041},
   adsurl = {http://ads.nao.ac.jp/abs/1999Icar..137..152O},
  adsnote = {Provided by the SAO/NASA Astrophysics Data System}
}

@ARTICLE{OBrien_etal_2006,
   author = {{O'Brien}, D.~P. and {Morbidelli}, A. and {Levison}, H.~F.},
    title = "{Terrestrial planet formation with strong dynamical friction}",
  journal = {\icarus},
     year = 2006,
    month = sep,
   volume = 184,
    pages = {39-58},
      doi = {10.1016/j.icarus.2006.04.005},
   adsurl = {http://ads.nao.ac.jp/abs/2006Icar..184...39O},
  adsnote = {Provided by the SAO/NASA Astrophysics Data System}
}

@ARTICLE{OBrien_Greenberg_2005,
   author = {{O'Brien}, D.~P. and {Greenberg}, R.},
    title = "{The collisional and dynamical evolution of the main-belt and NEA size distributions}",
  journal = {\icarus},
     year = 2005,
    month = nov,
   volume = 178,
    pages = {179-212},
      doi = {10.1016/j.icarus.2005.04.001},
   adsurl = {http://ads.nao.ac.jp/abs/2005Icar..178..179O},
  adsnote = {Provided by the SAO/NASA Astrophysics Data System}
}

@ARTICLE{Stewart_and_Ida_2000,
   author = {{Stewart}, G.~R. and {Ida}, S.},
    title = "{Velocity Evolution of Planetesimals: Unified Analytical Formulas and Comparisons with N-Body Simulations}",
  journal = {\icarus},
     year = 2000,
    month = jan,
   volume = 143,
    pages = {28-44},
      doi = {10.1006/icar.1999.6242},
   adsurl = {http://ads.nao.ac.jp/abs/2000Icar..143...28S},
  adsnote = {Provided by the SAO/NASA Astrophysics Data System}
}

@ARTICLE{Tanaka_etal_1996,
   author = {{Tanaka}, H. and {Inaba}, S. and {Nakazawa}, K.},
    title = "{Steady-State Size Distribution for the Self-Similar Collision Cascade}",
  journal = {\icarus},
     year = 1996,
    month = oct,
   volume = 123,
    pages = {450-455},
      doi = {10.1006/icar.1996.0170},
   adsurl = {http://ads.nao.ac.jp/abs/1996Icar..123..450T},
  adsnote = {Provided by the SAO/NASA Astrophysics Data System}
}

